%% This BibTeX bibliography file was created using BibDesk.
%% http://bibdesk.sourceforge.net/

%% Created for Lauro Cesar Araujo at 2015-04-27 19:43:45 -0300 

%% Saved with string encoding Unicode (UTF-8) 

@techreport{biolchini2005,
    author      = "Jorge Biolchini and Paula Gomes Mian and Ana Candida Cruz Natali and Guilherme Horta Travassos",
    title       = "Systematic Review in Software Engineering",
    institution = "Universidade Federal do Rio de Janeiro",
    year        = "2005",
    type        = "Joint Technical Report",
    number      = "RT – ES 679/05",
    address     = "Rio de Janeiro, BR",
    month       = "Maio"
}
	
@techreport{kitchenham2004,
    author      = "Barbara Kitchenham",
    title       = "Procedures for Performing Systematic Reviews",
    institution = "Keele University",
    year        = "2004",
    type        = "Joint Technical Report",
    number      = "TR/SE-0401",
    address     = "Keele, UK",
    month       = "Julho",
    issn        = "1353-7776"
}
	
@manual{manualnutricao2016,
	Org-Short =     {BRASIL},
	Organization =  {BRASIL. Minist\'erio da Sa\'ude},
	Title =         {Manual de terapia nutricional na atenção especializada hospitalar no âmbito do Sistema Único de Saúde – SUS},
    Address =       {Brasília},
    Year =          {2016},
    Url=            {http://bvsms.saude.gov.br/bvs/publicacoes/manual_terapia_nutricional_atencao_especializada.pdf},
    Date-Added =    {2021-01-01 15:50:20 +0000},
	Date-Modified = {2021-01-01 15:50:20 +0000}
}
	
@book{gil2002,
	Author = {Antonio Carlos Gil},
    Title = {Como elaborar projetos de pesquisa},
    Edition = {4},
    Address = {São Paulo},
    Publisher = {Atlas},
    Year = {2002},
    isbn = {85-224-3169-8},
    Date-Added = {2021-01-01 15:50:20 +0000},
	Date-Modified = {2021-01-01 15:50:20 +0000}}
	
@misc{manual-paciente-hospitalizado,
	Author = {Vivian Pupo de Oliveira Machado},
    Title = {Manual do Paciente Hospitalizado},
    Year = {2013},
    Howpublished = {e-Disciplinas da USP},
    Url = {https://edisciplinas.usp.br/pluginfile.php/5044818/mod_resource/content/1/Manual%20Prescri%C3%A7%C3%A3o%20de%20Dietas%20hospitalares.pdf},
    Urlaccessdate = {29 nov 2020},
	Bdsk-Url-1 = {https://edisciplinas.usp.br/pluginfile.php/5044818/mod_resource/content/1/Manual%20Prescri%C3%A7%C3%A3o%20de%20Dietas%20hospitalares.pdf},
    Keywords = {wiki},
    Date-Added = {2020-11-29 11:00:04 +0000},
	Date-Modified = {2020-11-29 11:00:04 +0000}}
	
	
